% This file was created with Citavi 6.7.0.0

@misc{EuropeanCommission.20200622,
 author = {{European Commission}},
 year = {2020},
 title = {The Code of conduct on countering illegal hate speech online},
 url = {https://ec.europa.eu/commission/presscorner/detail/en/qanda_20_1135},
 address = {European Commission Homepage},
 urldate = {2020-11-19}
}

@ARTICLE{9253658,  author={P. K. {Roy} and A. K. {Tripathy} and T. K. {Das} and X. -Z. {Gao}},  journal={IEEE Access},   title={A Framework for Hate Speech Detection Using Deep Convolutional Neural Network},   year={2020},  volume={8},  number={},  pages={204951-204962},  doi={10.1109/ACCESS.2020.3037073}}

@INPROCEEDINGS{8712109,  author={N. A. {Setyadi} and M. {Nasrun} and C. {Setianingsih}},  booktitle={2018 International Conference on Control, Electronics, Renewable Energy and Communications (ICCEREC)},   title={Text Analysis For Hate Speech Detection Using Backpropagation Neural Network},   year={2018},  volume={},  number={},  pages={159-165},  doi={10.1109/ICCEREC.2018.8712109}}

@misc{kapil2020investigating,
	title={Investigating Deep Learning Approaches for Hate Speech Detection in Social Media}, 
	author={Prashant Kapil and Asif Ekbal and Dipankar Das},
	year={2020},
	eprint={2005.14690},
	archivePrefix={arXiv},
	primaryClass={cs.CL}
}

@ARTICLE{8292838,  author={H. {Watanabe} and M. {Bouazizi} and T. {Ohtsuki}},  journal={IEEE Access},   title={Hate Speech on Twitter: A Pragmatic Approach to Collect Hateful and Offensive Expressions and Perform Hate Speech Detection},   year={2018},  volume={6},  number={},  pages={13825-13835},  doi={10.1109/ACCESS.2018.2806394}}

@ARTICLE{8963960,  author={O. {Oriola} and E. {Kotz√©}},  journal={IEEE Access},   title={Evaluating Machine Learning Techniques for Detecting Offensive and Hate Speech in South African Tweets},   year={2020},  volume={8},  number={},  pages={21496-21509},  doi={10.1109/ACCESS.2020.2968173}}